@article{giannakopoulos2015pyaudioanalysis,
  title={pyAudioAnalysis: An Open-Source Python Library for Audio Signal Analysis},
  author={Giannakopoulos, Theodoros},
  journal={PloS one},
  volume={10},
  number={12},
  pages={e0144610},
  year={2015},
  publisher={Public Library of Science}
}